<record><leader>00000cas a22000001a 4500</leader><controlfield tag="001">32653711</controlfield><controlfield tag="007">hd afb017baca</controlfield><controlfield tag="007">hd bfb017baaa</controlfield><controlfield tag="008">950615d19131914nyumr nea     0    0rus c</controlfield><datafield ind1=" " ind2=" " tag="010"><subfield code="a">sn 94091219 </subfield></datafield><datafield ind1=" " ind2=" " tag="040"><subfield code="a">NN</subfield><subfield code="b">eng</subfield><subfield code="c">RQM</subfield><subfield code="d">OCLCQ</subfield><subfield code="d">OCLCF</subfield><subfield code="d">OCLCO</subfield><subfield code="d">OCLCQ</subfield></datafield><datafield ind1=" " ind2=" " tag="012"><subfield code="i">9506</subfield></datafield><datafield ind1=" " ind2=" " tag="042"><subfield code="a">pcc</subfield></datafield><datafield ind1=" " ind2=" " tag="043"><subfield code="a">n-us---</subfield><subfield code="a">n-us-ny</subfield></datafield><datafield ind1="0" ind2=" " tag="130"><subfield code="a">Russkii&#774; vestnik (New York, N.Y. : 1913)</subfield></datafield><datafield ind1="1" ind2="0" tag="245"><subfield code="a">Russki&#772;i&#774; vi&#65056;e&#65057;stnik =</subfield><subfield code="b">Russky westnik = Russian herald.</subfield></datafield><datafield ind1="3" ind2="1" tag="246"><subfield code="a">Russky westnik</subfield></datafield><datafield ind1="3" ind2="1" tag="246"><subfield code="a">Russian herald</subfield></datafield><datafield ind1="1" ind2="3" tag="246"><subfield code="a">Russky viestnik</subfield><subfield code="f">Nov. 1913-Oct. 1914</subfield></datafield><datafield ind1="3" ind2="0" tag="246"><subfield code="a">Russkii&#774; vestnik</subfield></datafield><datafield ind1=" " ind2=" " tag="260"><subfield code="a">New York [N.Y.] :</subfield><subfield code="b">Solomon Maidansky,</subfield><subfield code="c">1913-1914.</subfield></datafield><datafield ind1=" " ind2=" " tag="300"><subfield code="a">volumes</subfield></datafield><datafield ind1=" " ind2=" " tag="310"><subfield code="a">Monthly</subfield></datafield><datafield ind1=" " ind2=" " tag="336"><subfield code="a">text</subfield><subfield code="b">txt</subfield><subfield code="2">rdacontent</subfield></datafield><datafield ind1=" " ind2=" " tag="337"><subfield code="a">microform</subfield><subfield code="b">h</subfield><subfield code="2">rdamedia</subfield></datafield><datafield ind1=" " ind2=" " tag="338"><subfield code="a">microfilm reel</subfield><subfield code="b">hd</subfield><subfield code="2">rdacarrier</subfield></datafield><datafield ind1="0" ind2=" " tag="362"><subfield code="a">Vol. 1, no. 1 (Oct. 1913)-v. 1, no. 12 (Sept. 1914).</subfield></datafield><datafield ind1=" " ind2=" " tag="546"><subfield code="a">In Russian.</subfield></datafield><datafield ind1=" " ind2=" " tag="533"><subfield code="a">Microfilm.</subfield><subfield code="m">Oct. 1913-Sept. 1914.</subfield><subfield code="b">New York :</subfield><subfield code="c">New York Public Library,</subfield><subfield code="d">[19--].</subfield><subfield code="e">1 microfilm reel ; 35 mm.</subfield></datafield><datafield ind1=" " ind2="0" tag="650"><subfield code="a">Russians</subfield><subfield code="z">United States</subfield><subfield code="v">Newspapers.</subfield></datafield><datafield ind1=" " ind2="0" tag="650"><subfield code="a">Russian Americans</subfield><subfield code="v">Newspapers.</subfield></datafield><datafield ind1=" " ind2="0" tag="651"><subfield code="a">New York (N.Y.)</subfield><subfield code="v">Newspapers.</subfield></datafield><datafield ind1=" " ind2="7" tag="650"><subfield code="a">Russian Americans.</subfield><subfield code="2">fast</subfield><subfield code="0">(OCoLC)fst01101969</subfield></datafield><datafield ind1=" " ind2="7" tag="650"><subfield code="a">Russians.</subfield><subfield code="2">fast</subfield><subfield code="0">(OCoLC)fst01102429</subfield></datafield><datafield ind1=" " ind2="7" tag="651"><subfield code="a">New York (State)</subfield><subfield code="z">New York.</subfield><subfield code="2">fast</subfield><subfield code="0">(OCoLC)fst01204333</subfield></datafield><datafield ind1=" " ind2="7" tag="651"><subfield code="a">United States.</subfield><subfield code="2">fast</subfield><subfield code="0">(OCoLC)fst01204155</subfield></datafield><datafield ind1=" " ind2="7" tag="655"><subfield code="a">Newspapers.</subfield><subfield code="2">fast</subfield><subfield code="0">(OCoLC)fst01423814</subfield></datafield><datafield ind1=" " ind2=" " tag="752"><subfield code="a">United States</subfield><subfield code="b">New York</subfield><subfield code="c">New York</subfield><subfield code="d">New York.</subfield></datafield><datafield ind1="1" ind2=" " tag="776"><subfield code="c">Original</subfield><subfield code="w">(DLC)sn 90065050</subfield></datafield><datafield ind1=" " ind2=" " tag="850"><subfield code="a">NN</subfield><subfield code="a">NN (master)</subfield></datafield><datafield ind1="1" ind2=" " tag="029"><subfield code="a">AU@</subfield><subfield code="b">000011785046</subfield></datafield></record>